@article{Arleo:2004gn,
      author         = "Arleo, F. and others",
      title          = "{Hard probes in heavy-ion collisions at the LHC: Photon
                        physics in heavy ion collisions at the LHC}",
      year           = "2004",
      eprint         = "hep-ph/0311131",
      archivePrefix  = "arXiv",
      journal        = "arXiv:hep-ph/0311131",
      primaryClass   = "hep-ph",
      reportNumber   = "CERN-2004-009-D",
      SLACcitation   = "%%CITATION = HEP-PH/0311131;%%"
}

@article{deFlorian:2011fp,
      author         = "de Florian, Daniel and Sassot, Rodolfo and Zurita, Pia
                        and Stratmann, Marco",
      title          = "{Global Analysis of Nuclear Parton Distributions}",
      journal        = "Phys. Rev.",
      volume         = "D85",
      year           = "2012",
      pages          = "074028",
      doi            = "10.1103/PhysRevD.85.074028",
      eprint         = "1112.6324",
      archivePrefix  = "arXiv",
      primaryClass   = "hep-ph",
      SLACcitation   = "%%CITATION = ARXIV:1112.6324;%%"
}

@article{Luo:2018pto,
      author         = "Luo, Tan and Cao, Shanshan and He, Yayun and Wang,
                        Xin-Nian",
      title          = "{Multiple jets and $\gamma$-jet correlation in
                        high-energy heavy-ion collisions}",
      journal        = "Phys. Lett.",
      volume         = "B782",
      year           = "2018",
      pages          = "707-716",
      doi            = "10.1016/j.physletb.2018.06.025",
      eprint         = "1803.06785",
      archivePrefix  = "arXiv",
      primaryClass   = "hep-ph",
      SLACcitation   = "%%CITATION = ARXIV:1803.06785;%%"
}

@inproceedings{Malaescu:2011yg,
      author         = "Malaescu, Bogdan",
      title          = "{An Iterative, Dynamically Stabilized(IDS) Method of Data
                        Unfolding}",
      booktitle      = "{Proceedings, PHYSTAT 2011 Workshop on Statistical Issues
                        Related to Discovery Claims in Search Experiments and
                        Unfolding, CERN,Geneva, Switzerland 17-20 January 2011}",
      year           = "2011",
      pages          = "271-275",
      doi            = "10.5170/CERN-2011-006.271",
      eprint         = "1106.3107",
      archivePrefix  = "arXiv",
      primaryClass   = "physics.data-an",
      reportNumber   = "CERN-PH-EP-2011-111",
      SLACcitation   = "%%CITATION = ARXIV:1106.3107;%%"
}

@article{Hocker:1995kb,
      author         = "Hocker, Andreas and Kartvelishvili, Vakhtang",
      title          = "{SVD approach to data unfolding}",
      journal        = "Nucl. Instrum. Meth.",
      volume         = "A372",
      year           = "1996",
      pages          = "469-481",
      doi            = "10.1016/0168-9002(95)01478-0",
      eprint         = "hep-ph/9509307",
      archivePrefix  = "arXiv",
      primaryClass   = "hep-ph",
      reportNumber   = "M-C-TH-95-15, LAL-95-55",
      SLACcitation   = "%%CITATION = HEP-PH/9509307;%%"
}

@article{JETPHOX,
      author         = "Aurenche, Patrick and Fontannaz, Michel and Guillet,
                        Jean-Philippe and Pilon, Eric and Werlen, Monique",
      title          = "{A New critical study of photon production in hadronic
                        collisions}",
      journal        = "Phys. Rev.",
      volume         = "D73",
      year           = "2006",
      pages          = "094007",
      doi            = "10.1103/PhysRevD.73.094007",
      eprint         = "hep-ph/0602133",
      archivePrefix  = "arXiv",
      primaryClass   = "hep-ph",
      reportNumber   = "LAPTH-1140-06, LPT-ORSAY-05-75",
      SLACcitation   = "%%CITATION = HEP-PH/0602133;%%"
}

@article{Voronoi1908,
author = "Vorono{\"{i}}, Georges",
title = "Nouvelles applications des param{\`{e}}tres continus {\`{a}}
                  la th{\'{e}}orie des formes quadratiques. {Premier}
                  m{\'{e}}moire. {Sur} quelques propri{\'{e}}t{\'{e}}s
                  des formes quadratiques positives parfaites",
journal = "J. Reine Angew. Math.",
year = "1907",
month = dec,
day = "28",
volume = "133",
number = "2",
pages = "97--178",
doi = "10.1515/crll.1908.133.97",
}


@report{CMS-DP-2013-018,
author = "CMS Collaboration",
      title         = "{Underlying-Event Subtraction for Particle Flow}",
      collaboration = "CMS Collaboration",
      month         = "Jun",
      year          = "2013",
      reportNumber  = "CMS-DP-2013-018",
      url           = "https://cds.cern.ch/record/1558644",
}

@article{Cacciari:2008gp,
      author         = "Cacciari, Matteo and Salam, Gavin P. and Soyez, Gregory",
      title          = "{The Anti-k(t) jet clustering algorithm}",
      journal        = "JHEP",
      volume         = "04",
      year           = "2008",
      pages          = "063",
      doi            = "10.1088/1126-6708/2008/04/063",
      eprint         = "0802.1189",
      archivePrefix  = "arXiv",
      primaryClass   = "hep-ph",
      reportNumber   = "LPTHE-07-03",
      SLACcitation   = "%%CITATION = ARXIV:0802.1189;%%"
}

@article{JECNOTE,
      author         = "Yue Shi Lai",
      title          = "{
Correction and \emph{in situ} calibration of the TPC jet energy
  scale in $\boldsymbol{\sqrt{s} = 13}\:\mathbf{TeV}$ pp, and the ITS
  jet energy scale in $\boldsymbol{\sqrt{s_\mathrm{NN}} =
    5.02}\:\mathbf{TeV}$ pp and pPb collisions
}",
      collaboration  = "ALICE",
      year           = "2018",

}

@article{CrossTalk,
      author         = "Gustavo Conesa Balbastre",
      title          = "{
Study and emulation of cell energy cross-talk in EMCal
}",
      collaboration  = "ALICE",
      year           = "
ANA-837, 2018",

}

@article{Acharya:2018eat,
      author         = "Acharya, Shreyasi and others",
      title          = "{Charged jet cross section and fragmentation in
                        proton-proton collisions at $\sqrt{s}$ = 7 TeV}",
      collaboration  = "ALICE",
      year           = "2018",
      eprint         = "1809.03232",
      archivePrefix  = "arXiv",
      primaryClass   = "nucl-ex",
      reportNumber   = "CERN-EP-2018-235",
      SLACcitation   = "%%CITATION = ARXIV:1809.03232;%%"
}

@article{Cacciari:2011ma,
      author         = "Cacciari, Matteo and Salam, Gavin P. and Soyez, Gregory",
      title          = "{FastJet User Manual}",
      journal        = "Eur. Phys. J.",
      volume         = "C72",
      year           = "2012",
      pages          = "1896",
      doi            = "10.1140/epjc/s10052-012-1896-2",
      eprint         = "1111.6097",
      archivePrefix  = "arXiv",
      primaryClass   = "hep-ph",
      reportNumber   = "CERN-PH-TH-2011-297",
      SLACcitation   = "%%CITATION = ARXIV:1111.6097;%%"
}

@article{Acharya:2017tlv,
      author         = "ALICE Collaboration",
      title          = "{$\pi ^{0}$ and $\eta $ meson production in proton-proton
                        collisions at $\sqrt{s}=8$ TeV}",
      journal        = "Eur. Phys. J.",
      volume         = "C78",
      year           = "2018",
      number         = "3",
      pages          = "263",
      doi            = "10.1140/epjc/s10052-018-5612-8",
      eprint         = "1708.08745",
      archivePrefix  = "arXiv",
      primaryClass   = "hep-ex",
      reportNumber   = "CERN-EP-2017-216",
      SLACcitation   = "%%CITATION = ARXIV:1708.08745;%%"
}

@article{Erwann,
      author         = "Erwann Masson",
      title          = "{
Measurement of isolated photons in pâ€“Pb collisions
at 5.02 TeV with the EMCal detector in ALICE. https://alice-notes.web.cern.ch/system/files/notes/analysis/741/.
}",
      collaboration  = "ALICE",
      year           = "
ALICE-ANA-2018-4677",

}
@article{Allen:2009aa,
      author         = "Allen, J. and others",
      title          = "{Performance of prototypes for the ALICE electromagnetic
                        calorimeter}",
      collaboration  = "ALICE EMCal",
      journal        = "Nucl. Instrum. Meth.",
      volume         = "A615",
      year           = "2010",
      pages          = "6-13",
      doi            = "10.1016/j.nima.2009.12.061",
      eprint         = "0912.2005",
      archivePrefix  = "arXiv",
      primaryClass   = "physics.ins-det",
      SLACcitation   = "%%CITATION = ARXIV:0912.2005;%%"
}


@article{Adam:2016khe,
      author         = "Adam, Jaroslav and others",
      title          = "{Measurement of the production of high-$p_{\rm T}$
                        electrons from heavy-flavour hadron decays in Pb-Pb
                        collisions at $\mathbf{\sqrt{\it s_{\rm{NN}}}}$ = 2.76
                        TeV}",
      collaboration  = "ALICE",
      journal        = "Phys. Lett.",
      volume         = "B771",
      year           = "2017",
      pages          = "467-481",
      doi            = "10.1016/j.physletb.2017.05.060",
      eprint         = "1609.07104",
      archivePrefix  = "arXiv",
      primaryClass   = "nucl-ex",
      reportNumber   = "CERN-EP-2016-235",
      SLACcitation   = "%%CITATION = ARXIV:1609.07104;%%"
}


@article{Acharya:2019jkx,
      author         = "{ALICE Collaboration}",
      title          = "{Measurement of the inclusive isolated photon production
                        cross section in pp collisions at $\sqrt{s}$ = 7 TeV}",
      journal        = "Submitted to: Eur. Phys. J.",
      year           = "2019",
      eprint         = "1906.01371",
      archivePrefix  = "arXiv",
      primaryClass   = "nucl-ex",
      reportNumber   = "CERN-EP-2019-117",
      SLACcitation   = "%%CITATION = ARXIV:1906.01371;%%"
}

@article{ExoticClusters,
 author = "Gustavo Conesa Balbastre",
 title = "{Rejection of exotic clusters in EMCal}",
       collaboration  = "ALICE",
      year           = "
ALICE-ANA-376",
}



@article{ATLAS:2014cpa,
      author         = "ATLAS Collaboration",
      title          = "{Centrality and rapidity dependence of inclusive jet
                        production in $\sqrt{s_\mathrm{NN}} = 5.02$ TeV
                        proton-lead collisions with the ATLAS detector}",
      collaboration  = "ATLAS",
      journal        = "Phys. Lett.",
      volume         = "B748",
      year           = "2015",
      pages          = "392-413",
      doi            = "10.1016/j.physletb.2015.07.023",
      eprint         = "1412.4092",
      archivePrefix  = "arXiv",
      primaryClass   = "hep-ex",
      reportNumber   = "CERN-PH-EP-2014-275",
      SLACcitation   = "%%CITATION = ARXIV:1412.4092;%%"
}



@article{Khachatryan:2015xaa,
      author         = "CMS Collaboration",
      title          = "{Nuclear Effects on the Transverse Momentum Spectra of
                        Charged Particles in pPb Collisions at $\sqrt{s_{_\mathrm
                        {NN}}} =5.02$ TeV}",
      collaboration  = "CMS",
      journal        = "Eur. Phys. J.",
      volume         = "C75",
      year           = "2015",
      number         = "5",
      pages          = "237",
      doi            = "10.1140/epjc/s10052-015-3435-4",
      eprint         = "1502.05387",
      archivePrefix  = "arXiv",
      primaryClass   = "nucl-ex",
      reportNumber   = "CMS-HIN-12-017, CERN-PH-EP-2014-282",
      SLACcitation   = "%%CITATION = ARXIV:1502.05387;%%"
}

@article{Sirunyan:2018qel,
      author         = "CMS Collaboration",
      title          = "{Constraining gluon distributions in nuclei using dijets
                        in proton-proton and proton-lead collisions at
                        $\sqrt{s_{_\mathrm{NN}}} =$ 5.02 TeV}",
      collaboration  = "CMS",
      doi            = "10.3204/PUBDB-2018-02203",
      year           = "2018",
      eprint         = "1805.04736",
      archivePrefix  = "arXiv",
      primaryClass   = "hep-ex",
      reportNumber   = "CMS-HIN-16-003, CERN-EP-2018-091",
      SLACcitation   = "%%CITATION = ARXIV:1805.04736;%%"
}



@article{Accardi:2012qut,
      author         = "Accardi, A. and others",
      editor         = "Deshpande, A. and Meziani, Z. E. and Qiu, J. W.",
      title          = "{Electron Ion Collider: The Next QCD Frontier}",
      journal        = "Eur. Phys. J.",
      volume         = "A52",
      year           = "2016",
      number         = "9",
      pages          = "268",
      doi            = "10.1140/epja/i2016-16268-9",
      eprint         = "1212.1701",
      archivePrefix  = "arXiv",
      primaryClass   = "nucl-ex",
      reportNumber   = "BNL-98815-2012-JA, JLAB-PHY-12-1652",
      SLACcitation   = "%%CITATION = ARXIV:1212.1701;%%"
}

@article{ALICE:2011ac,
      author         = "ALICE Collaboration",
      title          = "{Underlying Event measurements in $pp$ collisions at
                        $\sqrt{s}=0.9$ and 7 TeV with the ALICE experiment at the
                        LHC}",
      collaboration  = "ALICE",
      journal        = "JHEP",
      volume         = "07",
      year           = "2012",
      pages          = "116",
      doi            = "10.1007/JHEP07(2012)116",
      eprint         = "1112.2082",
      archivePrefix  = "arXiv",
      primaryClass   = "hep-ex",
      reportNumber   = "CERN-PH-EP-2011-204",
      SLACcitation   = "%%CITATION = ARXIV:1112.2082;%%"
}

@article{Acharya:2018qsh,
      author         = "ALICE Collaboration",
      title          = "{Transverse momentum spectra and nuclear modification
                        factors of charged particles in pp, p-Pb and Pb-Pb
                        collisions at the LHC}",
      collaboration  = "ALICE",
      year           = "arXiv:1802.09145, 2018",
      eprint         = "1802.09145",
      archivePrefix  = "arXiv",
      primaryClass   = "nucl-ex",
      reportNumber   = "CERN-EP-2018-025",
      SLACcitation   = "%%CITATION = ARXIV:1802.09145;%%"
}

@article{Acharya:2018dqe,
      author         = "ALICE Collaboration",
      title          = "{Direct photon production at low transverse momentum in
                        proton-proton collisions at $\mathbf{\sqrt{s}=2.76}$ and 8
                        TeV}",
      collaboration  = "ALICE",
      year           = "arXiv:1803.09857, 2018",
      eprint         = "1803.09857",
      archivePrefix  = "arXiv",
      primaryClass   = "nucl-ex",
      reportNumber   = "CERN-EP-2018-045",
      SLACcitation   = "%%CITATION = ARXIV:1803.09857;%%"
}

@article{Sirunyan:2018gro,
      author         = "CMS Collaboration",
      title          = "{Measurement of differential cross sections for inclusive
                        isolated-photon and photon+jets production in
                        proton-proton collisions at $\sqrt{s} =$ 13 TeV}",
      collaboration  = "CMS",
      year           = "arXiv:1807.00782, 2018",
      eprint         = "1807.00782",
      archivePrefix  = "arXiv",
      primaryClass   = "hep-ex",
      SLACcitation   = "%%CITATION = ARXIV:1807.00782;%%"
}

@inproceedings{Adye:2011gm,
      author         = "Adye, Tim",
      title          = "{Unfolding algorithms and tests using RooUnfold}",
      booktitle      = "{Proceedings, PHYSTAT 2011 Workshop on Statistical Issues
                        Related to Discovery Claims in Search Experiments and
                        Unfolding, CERN,Geneva, Switzerland 17-20 January 2011}",
      organization   = "CERN",
      publisher      = "CERN",
      address        = "Geneva",
      year           = "2011",
      url            = "https://inspirehep.net/record/898599/files/arXiv:1105.1160.pdf",
      pages          = "313-318",
      doi            = "10.5170/CERN-2011-006.313",
      eprint         = "1105.1160",
      archivePrefix  = "arXiv",
      primaryClass   = "physics.data-an",
      SLACcitation   = "%%CITATION = ARXIV:1105.1160;%%"
}

@article{DAgostini:1994fjx,
      author         = "D'Agostini, G.",
      title          = "{A Multidimensional unfolding method based on Bayes'
                        theorem}",
      journal        = "Nucl. Instrum. Meth.",
      volume         = "A362",
      year           = "1995",
      pages          = "487-498",
      doi            = "10.1016/0168-9002(95)00274-X",
      reportNumber   = "DESY-94-099",
      SLACcitation   = "%%CITATION = NUIMA,A362,487;%%"
}

@article{Adloff:2000bs,
      author         = "Adloff, C. and others",
      title          = "{Measurement of dijet cross-sections in photoproduction
                        and photon structure}",
      collaboration  = "H1",
      journal        = "Phys. Lett.",
      volume         = "B483",
      year           = "2000",
      pages          = "36-48",
      doi            = "10.1016/S0370-2693(00)00576-1",
      eprint         = "hep-ex/0003011",
      archivePrefix  = "arXiv",
      primaryClass   = "hep-ex",
      reportNumber   = "DESY-00-035",
      SLACcitation   = "%%CITATION = HEP-EX/0003011;%%"
}


@article{Klasen:2017dsy,
      author         = "Klasen, Michael and Klein-BÃ¶sing, Christian and
                        Poppenborg, H.",
      title          = "{Prompt photon production and photon-jet correlations at
                        the LHC}",
      journal        = "JHEP",
      volume         = "03",
      year           = "2018",
      pages          = "081",
      doi            = "10.1007/JHEP03(2018)081",
      eprint         = "1709.04154",
      archivePrefix  = "arXiv",
      primaryClass   = "hep-ph",
      reportNumber   = "MS-TP-17-09",
      SLACcitation   = "%%CITATION = ARXIV:1709.04154;%%"
}

@article{Klasen:2002xb,
      author         = "Klasen, Michael",
      title          = "{Theory of hard photoproduction}",
      journal        = "Rev. Mod. Phys.",
      volume         = "74",
      year           = "2002",
      pages          = "1221-1282",
      doi            = "10.1103/RevModPhys.74.1221",
      eprint         = "hep-ph/0206169",
      archivePrefix  = "arXiv",
      primaryClass   = "hep-ph",
      reportNumber   = "DESY-02-086",
      SLACcitation   = "%%CITATION = HEP-PH/0206169;%%"
}

@article{Chatrchyan:2011id,
      author         = "Chatrchyan, Serguei and others",
      title          = "{Measurement of the Underlying Event Activity at the LHC
                        with $\sqrt{s}= 7$ TeV and Comparison with $\sqrt{s} =
                        0.9$ TeV}",
      collaboration  = "CMS",
      journal        = "JHEP",
      volume         = "09",
      year           = "2011",
      pages          = "109",
      doi            = "10.1007/JHEP09(2011)109",
      eprint         = "1107.0330",
      archivePrefix  = "arXiv",
      primaryClass   = "hep-ex",
      reportNumber   = "CERN-PH-EP-2011-059, CMS-QCD-10-010",
      SLACcitation   = "%%CITATION = ARXIV:1107.0330;%%"
}

@article{GaleShapley:1962amm,
 author = "D. Gale and L. S. Shapley",
 journal = "The American Mathematical Monthly",
 number = "1",
 pages = "9-15",
 publisher = "Mathematical Association of America",
 title = "College Admissions and the Stability of Marriage",
 volume = "69",
 year = "1962;"
}

@article{Chatrchyan:2012tt,
      author         = "CMS Collaboration",
      title          = "{Measurement of the underlying event activity in $pp$
                        collisions at $\sqrt{s} = 0.9$ and 7 TeV with the novel
                        jet-area/median approach}",
      collaboration  = "CMS",
      journal        = "JHEP",
      volume         = "08",
      year           = "2012",
      pages          = "130",
      doi            = "10.1007/JHEP08(2012)130",
      eprint         = "1207.2392",
      archivePrefix  = "arXiv",
      primaryClass   = "hep-ex",
      reportNumber   = "CMS-QCD-10-021, CERN-PH-EP-2012-152",
      SLACcitation   = "%%CITATION = ARXIV:1207.2392;%%"
}

@article{Cacciari:2009dp,
      author         = "Cacciari, Matteo and Salam, Gavin P. and Sapeta,
                        Sebastian",
      title          = "{On the characterisation of the underlying event}",
      journal        = "JHEP",
      volume         = "04",
      year           = "2010",
      pages          = "065",
      doi            = "10.1007/JHEP04(2010)065",
      eprint         = "0912.4926",
      archivePrefix  = "arXiv",
      primaryClass   = "hep-ph",
      SLACcitation   = "%%CITATION = ARXIV:0912.4926;%%"
}


@article{Abeysekara:2010ze,
      author         = "ALICE Collaboration",
      title          = "{ALICE EMCal Physics Performance Report}",
      collaboration  = "ALICE EMCal",
      year           = "arXiv:1008.0413, 2010",
      eprint         = "1008.0413",
      archivePrefix  = "arXiv",
      primaryClass   = "physics.ins-det",
      SLACcitation   = "%%CITATION = ARXIV:1008.0413;%%"
}

@article{Abelev:2014ffa,
      author         = "ALICE Collaboration",
      title          = "{Performance of the ALICE Experiment at the CERN LHC}",
      collaboration  = "ALICE",
      journal        = "Int. J. Mod. Phys.",
      volume         = "A29",
      year           = "2014",
      pages          = "1430044",
      doi            = "10.1142/S0217751X14300440",
      eprint         = "1402.4476",
      archivePrefix  = "arXiv",
      primaryClass   = "nucl-ex",
      reportNumber   = "CERN-PH-EP-2014-031",
      SLACcitation   = "%%CITATION = ARXIV:1402.4476;%%"
}
@article{Chatrchyan:2012gt,
      author         = "CMS Collaboration",
      title          = "{Studies of jet quenching using isolated-photon+jet
                        correlations in PbPb and $pp$ collisions at
                        $\sqrt{s_{NN}}=2.76$ TeV}",
      collaboration  = "CMS",
      journal        = "Phys. Lett.",
      volume         = "B718",
      year           = "2013",
      pages          = "773-794",
      doi            = "10.1016/j.physletb.2012.11.003",
      eprint         = "1205.0206",
      archivePrefix  = "arXiv",
      primaryClass   = "nucl-ex",
      reportNumber   = "CMS-HIN-11-010, CERN-PH-EP-2012-089",
      SLACcitation   = "%%CITATION = ARXIV:1205.0206;%%"
}

@article{LHCRAA,
      author         = "David d'Enterria",
      title          = "{Perturbative probes of QCD matter at the Large Hadron Collider }",
      journal        = "PoS QNP2012 (2012)",
      doi            = "PoS QNP2012 (2012)",
      eprint         = "arXiv:1207.4362 [nucl-ex]",
      archivePrefix  = "arXiv",
}

Perturbative probes of QCD matter at the Large Hadron Collider - d'Enterria, David PoS QNP2012 (2012) 018 arXiv:1207.4362 [nucl-ex]

@article{Hocker:1995kb,
      author         = "Hocker, Andreas and Kartvelishvili, Vakhtang",
      title          = "{SVD approach to data unfolding}",
      journal        = "Nucl. Instrum. Meth.",
      volume         = "A372",
      year           = "1996",
      pages          = "469-481",
      doi            = "10.1016/0168-9002(95)01478-0",
      eprint         = "hep-ph/9509307",
      archivePrefix  = "arXiv",
      primaryClass   = "hep-ph",
      reportNumber   = "M-C-TH-95-15, LAL-95-55",
      SLACcitation   = "%%CITATION = HEP-PH/9509307;%%"
}

@article{CMS-DP-2016-070,
      author       ="CMS Collaboration",
      title         = "{Performance of quark/gluon discrimination in 13 TeV
                       data}",
      collaboration = "CMS Collaboration",
      month         = "Nov",
      year          = "2016",
      reportNumber  = "CMS-DP-2016-070",
      url           = "https://cds.cern.ch/record/2234117",
}

@article{Larkoski:2014pca,
      author         = "Larkoski, Andrew J. and Thaler, Jesse and Waalewijn,
                        Wouter J.",
      title          = "{Gaining (Mutual) Information about Quark/Gluon
                        Discrimination}",
      journal        = "JHEP",
      volume         = "11",
      year           = "2014",
      pages          = "129",
      doi            = "10.1007/JHEP11(2014)129",
      eprint         = "1408.3122",
      archivePrefix  = "arXiv",
      primaryClass   = "hep-ph",
      reportNumber   = "MIT--CTP-4572, NIKHEF-2014-026",
      SLACcitation   = "%%CITATION = ARXIV:1408.3122;%%"
}

@article{Aad:2016oit,
      author         = "ATLAS Collaboration",
      title          = "{Measurement of the charged-particle multiplicity inside
                        jets from $\sqrt{s}=8$ TeV $pp$ collisions with the ATLAS
                        detector}",
      collaboration  = "ATLAS",
      journal        = "Eur. Phys. J.",
      volume         = "C76",
      year           = "2016",
      number         = "6",
      pages          = "322",
      doi            = "10.1140/epjc/s10052-016-4126-5",
      eprint         = "1602.00988",
      archivePrefix  = "arXiv",
      primaryClass   = "hep-ex",
      reportNumber   = "CERN-EP-2016-001",
      SLACcitation   = "%%CITATION = ARXIV:1602.00988;%%"
}

@article{adam2016jetlike,
 author = "J. Adam and others",
 title = "Jet-like correlations with neutral pion triggers in pp and central {Pb}-Pb collisions at 2",
 journal = "76 {TeV}, Phys. Rev. Lett. B",
 volume = "763",
 year = 2016
}

@article{Acharya:2018uvf,
      author         = "ALICE Collaboration",
      title          = "{Medium modification of the shape of small-radius jets in
                        central Pb-Pb collisions at $\sqrt{s_{\mathrm {NN}}} =
                        2.76\,\rm{TeV}$}",
      collaboration  = "ALICE",
      journal        = "Submitted to: JHEP",
      year           = "2018",
      eprint         = "1807.06854",
      archivePrefix  = "arXiv",
      primaryClass   = "nucl-ex",
      reportNumber   = "CERN-EP-2018-201",
      SLACcitation   = "%%CITATION = ARXIV:1807.06854;%%"
}

@article{James:1975dr,
      author         = "James, F. and Roos, M.",
      title          = "{Minuit: A System for Function Minimization and Analysis
                        of the Parameter Errors and Correlations}",
      journal        = "Comput. Phys. Commun.",
      volume         = "10",
      year           = "1975",
      pages          = "343-367",
      doi            = "10.1016/0010-4655(75)90039-9",
      reportNumber   = "CERN-DD-75-20",
      SLACcitation   = "%%CITATION = CPHCB,10,343;%%"
}


@article{Sirunyan:2017qhf,
      author         = "CMS Collaboration",
      title          = "{Study of jet quenching with isolated-photon+jet
                        correlations in PbPb and pp collisions at
                        $\sqrt{s_{_{\mathrm{NN}}}} =$ 5.02 TeV}",
      collaboration  = "CMS",
      year           = "2017",
      journal        = "arXiv:1711.09738",
      eprint         = "1711.09738",
      archivePrefix  = "arXiv",
      primaryClass   = "nucl-ex",
      reportNumber   = "CMS-HIN-16-002, CERN-EP-2017-285",
      SLACcitation   = "%%CITATION = ARXIV:1711.09738;%%"
}
@article{Eskola:2016oht,
      author         = "Eskola, Kari J. and Paakkinen, Petja and Paukkunen, Hannu
                        and Salgado, Carlos A.",
      title          = "{EPPS16: Nuclear parton distributions with LHC data}",
      journal        = "Eur. Phys. J.",
      volume         = "C77",
      year           = "2017",
      number         = "3",
      pages          = "163",
      doi            = "10.1140/epjc/s10052-017-4725-9",
      eprint         = "1612.05741",
      archivePrefix  = "arXiv",
      primaryClass   = "hep-ph",
      SLACcitation   = "%%CITATION = ARXIV:1612.05741;%%"
}



@article{Adam:2015hoa,
      author         = "ALICE Collaboration",
      title          = "{Measurement of charged jet production cross sections and
                        nuclear modification in p-Pb collisions 5.02 TeV}",
      collaboration  = "ALICE",
      journal        = "Phys. Lett.",
      volume         = "B749",
      year           = "2015",
      pages          = "68-81",
      doi            = "10.1016/j.physletb.2015.07.054",
      eprint         = "1503.00681",
      archivePrefix  = "arXiv",
      primaryClass   = "nucl-ex",
      reportNumber   = "CERN-PH-EP-2015-040",
      SLACcitation   = "%%CITATION = ARXIV:1503.00681;%%"
}
@article{Allen:2010stl,
      author         = "Allen, J. and others",
      title          = "{ALICE DCal: An Addendum to the EMCal Technical Design
                        Report Di-Jet and Hadron-Jet correlation measurements in
                        ALICE}",
      year           = "CERN-LHCC-2010-011, ALICE-TDR-14-add-1, 2010",
      reportNumber   = "CERN-LHCC-2010-011, ALICE-TDR-14-add-1",
      SLACcitation   = "%%CITATION = CERN-LHCC-2010-011;%%"
}

@article{PhysRevLett.119.102301,
  title = {Anomalous Evolution of the Near-Side Jet Peak Shape in Pb-Pb Collisions at $\sqrt{{s}_{NN}}=2.76\text{ }\text{ }\mathrm{TeV}$},
  author = {ALICE Collaboration},
  collaboration = {ALICE Collaboration},
  journal = {Phys. Rev. Lett.},
  volume = {119},
  issue = {10},
  pages = {102301},
  numpages = {13},
  year = {2017},
  month = {Sep},
  publisher = {American Physical Society},
  doi = {10.1103/PhysRevLett.119.102301},
  url = {https://link.aps.org/doi/10.1103/PhysRevLett.119.102301}
}

@inproceedings{tensorflow2015-whitepaper,
author = "Abadi, Mart\'{\i}n and others",
title = "{TensorFlow}: Large-Scale Machine Learning on Heterogeneous
                  Systems",
year = "2016",
booktitle = "Proceedings of OSDI'16: 12th USENIX Symposium on
                  Operating Systems Design and Implementation",
organization = "USENIX Association",
address = "Berkeley, CA",
pages = "265--283",
url = "https://www.usenix.org/conference/osdi16/technical-sessions/presentation/abadi"
}

@article{doi:10.1002/cpe.4291,
author = "He, Yun and others",
title = "Preparing {NERSC} users for {Cori}, a {Cray} {XC40} system
                  with {Intel} many integrated cores",
journal = "Concurrency Computat.: Pract. Exper.",
volume = "30",
number = "1",
pages = "e4291",
doi = "10.1002/cpe.4291"
}

@article{Khachatryan:2010fm,
      author         = "Khachatryan, Vardan and others",
      title          = "{Measurement of the Isolated Prompt Photon Production
                        Cross Section in $pp$ Collisions at $\sqrt{s} = 7$~TeV}",
      collaboration  = "CMS",
      journal        = "Phys. Rev. Lett.",
      volume         = "106",
      year           = "2011",
      pages          = "082001",
      doi            = "10.1103/PhysRevLett.106.082001",
      eprint         = "1012.0799",
      archivePrefix  = "arXiv",
      primaryClass   = "hep-ex",
      reportNumber   = "CERN-PH-EP-2010-053, CMS-QCD-10-019",
      SLACcitation   = "%%CITATION = ARXIV:1012.0799;%%"
}
